@article{James2007EffectiveHT,
  title={Effective Hamiltonian theory and its applications in quantum information},
  author={Daniel F. V. James and Jonathan Jerke},
  journal={Canadian Journal of Physics},
  year={2007},
  volume={85},
  pages={625-632}
}
@online{rotatecoordsys,
url = {https://zhuanlan.zhihu.com/p/355327986},
}
@book{zzmqo,
author = {张智明},
title = {量子光学},
date = {2015},
publisher = {科学出版社}
}
@book{ctqm,
author = {陈童},
title = {量子力学新讲},
url = {http://newquanta.com/}
}
